@article{
paefgen-laß_2019,
title={Ethik wird bei KI zum Wettbewerbsfaktor},
journal={Fokus},
author={Paefgen-Laß, Michaela},
year={2019},
month={Oct}
}

@inbook{
maurer_gerdes_lenz_winner_2015,
place={Berlin},
title={Why Ethics Matters for Autonomous Cars},
booktitle={Autonomes Fahren: Technische, rechtliche und gesellschaftliche Aspekte},
publisher={Springer Vieweg},
author={Maurer, Markus and Gerdes, J. Christian and Lenz, Barbara and Winner, Hermann},
year={2015}
}

@article{yampolskiy2013safety,
title={Safety engineering for artificial general intelligence},
author={Yampolskiy, Roman and Fox, Joshua},
journal={Topoi},
volume={32},
number={2},
pages={217--226},
year={2013},
publisher={Springer}
}

@article{crnkovic2012robots,
title={Robots: ethical by design},
author={Crnkovic, Gordana Dodig and {\c{C}}{\"u}r{\"u}kl{\"u}, Baran},
journal={Ethics and Information Technology},
volume={14},
number={1},
pages={61--71},
year={2012},
publisher={Springer}
}

@incollection{voss2007essentials,
title={Essentials of general intelligence: The direct path to artificial general intelligence},
author={Voss, Peter},
booktitle={Artificial general intelligence},
pages={131--157},
year={2007},
publisher={Springer}
}

@book{ertel2016grundkurs,
title={Grundkurs k{\"u}nstliche Intelligenz: eine praxisorientierte Einf{\"u}hrung},
author={Ertel, Wolfgang},
year={2016},
publisher={Springer-Verlag}
}

@article{kirchhof2020kunstliche,
title={K{\"u}nstliche Intelligenz},
author={Kirchhof, Paul},
journal={Ordnung der Wissenschaft},
number={1},
pages={1--8},
year={2020}
}

@article{shukla2013applicability,
title={Applicability of artificial intelligence in different fields of life},
author={Shukla Shubhendu, S and Vijay, Jaiswal},
journal={International Journal of Scientific Engineering and Research},
volume={1},
number={1},
pages={28--35},
year={2013}
}

@misc{huang_beef,
title={A Holistic Approach to AI},
url={https://www.ocf.berkeley.edu/~arihuang/academic/research/strongai3.html},
journal={Strong AI},
author={Huang, Aric and Beef, Roast}
}

@misc{brendel_2019,
title={Wieviel Künstliche Intelligenz wollen wir eigentlich?},
url={https://1e9.community/t/wieviel-kuenstliche-intelligenz-wollen-wir-eigentlich/2192},
journal={1E9},
author={Brendel, Michael},
year={2019},
month={Jul}
}

@misc{kerns_2017,
title={What’s the Difference Between Weak and Strong AI?},
url={https://www.machinedesign.com/markets/robotics/article/21835139/whats-the-difference-between-weak-and-strong-ai},
journal={StackPath},
author={Kerns, Jeff},
year={2017},
month={Feb}
}

@misc{walch_world_2019,
title={Rethinking Weak Vs. Strong AI},
url={https://www.forbes.com/sites/cognitiveworld/2019/10/04/rethinking-weak-vs-strong-ai},
journal={Forbes},
author={Walch, Kathleen and WORLD, COGNITIVE},
year={2019},
month={Oct}
}

@misc{russell,
title={What is AI?},
url={https://people.eecs.berkeley.edu/~russell/intro.html},
journal={Introduction to AI: A Modern Approach},
author={Russell, Stuart}
}

@misc{cole_2014,
title={The Chinese Room Argument},
url={https://plato.stanford.edu/entries/chinese-room/},
journal={Stanford Encyclopedia of Philosophy},
publisher={Stanford University},
author={Cole, David},
year={2014},
month={Apr}
}

@incollection{Mainzer2019Safety,
doi = {10.1007/978-3-662-59717-0_11},
url = {https://doi.org/10.1007/978-3-662-59717-0_11},
year = {2019},
month = oct,
publisher = {Springer Berlin Heidelberg},
pages = {243--266},
author = {Klaus Mainzer},
title = {How Safe Is Artificial Intelligence?},
booktitle = {Artificial intelligence - When do machines take over?}
}

@incollection{Mainzer2019SuperAI,
doi = {10.1007/978-3-662-59717-0_10},
url = {https://doi.org/10.1007/978-3-662-59717-0_10},
year = {2019},
month = oct,
publisher = {Springer Berlin Heidelberg},
pages = {183--241},
author = {Klaus Mainzer},
title = {From Natural and Artificial Intelligence to Superintelligence?},
booktitle = {Artificial intelligence - When do machines take over?}
}

@incollection{Verma2015,
doi = {10.1007/978-1-4471-6269-8_6},
url = {https://doi.org/10.1007/978-1-4471-6269-8_6},
year = {2015},
month = sep,
publisher = {Springer London},
pages = {183--217},
author = {Ajit Kumar Verma and Srividya Ajit and Durga Rao Karanki},
title = {Software Reliability},
booktitle = {Springer Series in Reliability Engineering}
}

@inbook{bertolino2019,
author = {Bertolino, Antonia and Miranda, Breno and Pietrantuono, Roberto and Russo, Stefano},
year = {2019},
month = {01},
pages = {25-38},
title = {Hybrid Is Better: Why and How Test Coverage and Software Reliability Can Benefit Each Other},
isbn = {978-3-030-35329-2},
doi = {10.1007/978-3-030-35330-8_2}
}

@INPROCEEDINGS{Kollanus2010,
author={S. {Kollanus}},
booktitle={2010 Seventh International Conference on the Quality of Information and Communications Technology},
title={Test-Driven Development - Still a Promising Approach?},
year={2010},
volume={},
number={},
pages={403-408},
keywords={program testing;software engineering;test driven development;software development process;external code quality;Book reviews;Programming;Productivity;Software engineering;Measurement;Testing;Systematics},
doi={10.1109/QUATIC.2010.73},
ISSN={null},
month={Sep.}
}

@incollection{Tamboli2019,
doi = {10.1007/978-1-4842-5467-7_3},
url = {https://doi.org/10.1007/978-1-4842-5467-7_3},
year = {2019},
publisher = {Apress},
pages = {19--28},
author = {Anand Tamboli},
title = {Understanding {AI} Risks and Its Impacts},
booktitle = {Keeping Your {AI} Under Control}
}